@ARTICLE{McVean2000-ox,
  title     = "The effects of {Hill-Robertson} interference between weakly
               selected mutations on patterns of molecular evolution and
               variation",
  author    = "McVean, G A and Charlesworth, B",
  journal   = "Genetics",
  publisher = "academic.oup.com",
  volume    =  155,
  number    =  2,
  pages     = "929--944",
  month     =  jun,
  year      =  2000,
  language  = "en"
}

@ARTICLE{Kimura1955-qe,
  title     = "Random Genetic Drift in {Multi-Allelic} Locus",
  author    = "Kimura, Motoo",
  journal   = "Evolution",
  publisher = "[Society for the Study of Evolution, Wiley]",
  volume    =  9,
  number    =  4,
  pages     = "419--435",
  year      =  1955
}

@ARTICLE{Barton1995-mj,
  title    = "Linkage and the limits to natural selection",
  author   = "Barton, N H",
  journal  = "Genetics",
  volume   =  140,
  number   =  2,
  pages    = "821--841",
  month    =  jun,
  year     =  1995,
  language = "en"
}

@ARTICLE{Birky1988-jm,
  title    = "Effects of linkage on rates of molecular evolution",
  author   = "Birky, Jr, C W and Walsh, J B",
  journal  = "Proc. Natl. Acad. Sci. U. S. A.",
  volume   =  85,
  number   =  17,
  pages    = "6414--6418",
  month    =  sep,
  year     =  1988,
  language = "en"
}

@ARTICLE{Hill1968-vu,
  title     = "Linkage disequilibrium in finite populations",
  author    = "Hill, W G and Robertson, A",
  journal   = "Theor. Appl. Genet.",
  publisher = "Springer",
  volume    =  38,
  number    =  6,
  pages     = "226--231",
  month     =  jun,
  year      =  1968,
  language  = "en"
}

@ARTICLE{Ohta1971-yd,
  title     = "Linkage disequilibrium between two segregating nucleotide sites
               under the steady flux of mutations in a finite population",
  author    = "Ohta, T and Kimura, M",
  journal   = "Genetics",
  publisher = "ncbi.nlm.nih.gov",
  volume    =  68,
  number    =  4,
  pages     = "571--580",
  month     =  aug,
  year      =  1971,
  language  = "en"
}

@ARTICLE{Ohta1969-ie,
  title     = "Linkage disequilibrium at steady state determined by random
               genetic drift and recurrent mutation",
  author    = "Ohta, T and Kimura, M",
  journal   = "Genetics",
  publisher = "ncbi.nlm.nih.gov",
  volume    =  63,
  number    =  1,
  pages     = "229--238",
  month     =  sep,
  year      =  1969,
  language  = "en"
}

